@article{carter2011exploring,
  title={Exploring the neural correlates of goal-directed action and intention understanding},
  author={Carter, Elizabeth J and Hodgins, Jessica K and Rakison, David H},
  journal={Neuroimage},
  volume={54},
  number={2},
  pages={1634--1642},
  year={2011},
  publisher={Elsevier}
}

@article{deng2018generative,
  title={Generative Methods for Object-Based Gestures for Socially Interactive Robots},
  author={Deng, Eric C and Mataric, Maja J},
  year={2018}
}

@article{hayne2016thesis,
  title={Toward Enabling Safe \& Efficient Human-Robot Manipulation in Shared Workspaces},
  author={Hayne, Rafi},
  year={2016},
  publisher={Worcester Polytechnic Institute}
}

@article{beetz2010ar,
  title={Generality and legibility in mobile manipulation},
  author={Beetz, Michael and Stulp, Freek and Esden-Tempski, Piotr and Fedrizzi, Andreas and Klank, Ulrich and Kresse, Ingo and Maldonado, Alexis and Ruiz, Federico},
  journal={Autonomous Robots},
  volume={28},
  number={1},
  pages={21},
  year={2010},
  publisher={Springer}
}

@inproceedings{alami2006iros,
  title={Safe and dependable physical human-robot interaction in anthropic domains: State of the art and challenges},
  author={Alami, Rachid and Albu-Sch{\"a}ffer, Alin and Bicchi, Antonio and Bischoff, Rainer and Chatila, Raja and De Luca, Alessandro and De Santis, Agostino and Giralt, Georges and Guiochet, J{\'e}r{\'e}mie and Hirzinger, Gerd and others},
  booktitle={2006 IEEE/RSJ International Conference on Intelligent Robots and Systems},
  pages={1--16},
  year={2006},
  organization={IEEE}
}

@article{meltzoff1995psychology,
  title={Understanding the intentions of others: re-enactment of intended acts by 18-month-old children.},
  author={Meltzoff, Andrew N},
  journal={Developmental Psychology},
  volume={31},
  number={5},
  pages={838},
  year={1995},
  publisher={American Psychological Association}
}

@article{bauer2008ijhr,
author = {Bauer, Andrea and Wollherr, Dirk and Buss, Martin},
doi = {10.1142/S0219843608001303},
isbn = {1551-3955},
issn = {0219-8436},
journal = {International Journal of Humanoid Robotics},
keywords = {action planning,human-robot collaboration,intention estimation,machine},
number = {01},
pages = {47--66},
title = {{Human–Robot Collaboration: a Survey}},
volume = {05},
year = {2008}
}

@article{gildert2018frontiers,
  title={The need for combining implicit and explicit communication in cooperative robotic systems},
  author={Gildert, Naomi and Millard, Alan G and Pomfret, Andrew and Timmis, Jon},
  journal={Frontiers in Robotics and AI},
  volume={5},
  pages={65},
  year={2018},
  publisher={Frontiers}
}

@article{michalos2015cirp,
  title={Design considerations for safe human-robot collaborative workplaces},
  author={Michalos, George and Makris, Sotiris and Tsarouchi, Panagiota and Guasch, Toni and Kontovrakis, Dimitris and Chryssolouris, George},
  journal={Procedia CIrP},
  volume={37},
  pages={248--253},
  year={2015},
  publisher={Elsevier}
}

@inproceedings{sauppe2014sigchi,
  title={Design patterns for exploring and prototyping human-robot interactions},
  author={Saupp{\'e}, Allison and Mutlu, Bilge},
  booktitle={Proceedings of the SIGCHI Conference on Human Factors in Computing Systems},
  pages={1439--1448},
  year={2014}
}

@inproceedings{mutlu2013hri,
  title={Coordination mechanisms in human-robot collaboration},
  author={Mutlu, Bilge and Terrell, Allison and Huang, Chien-Ming},
  booktitle={Proceedings of the Workshop on Collaborative Manipulation, 8th ACM/IEEE International Conference on Human-Robot Interaction},
  pages={1--6},
  year={2013},
  organization={Citeseer}
}

@inproceedings{goodrich2003smc,
  title={Seven principles of efficient human robot interaction},
  author={Goodrich, Michael A and Olsen, Dan R},
  booktitle={SMC'03 Conference Proceedings. 2003 IEEE International Conference on Systems, Man and Cybernetics. Conference Theme-System Security and Assurance (Cat. No. 03CH37483)},
  volume={4},
  pages={3942--3948},
  year={2003},
  organization={IEEE}
}

@inproceedings{breazeal2005iros,
  title={Effects of nonverbal communication on efficiency and robustness in human-robot teamwork},
  author={Breazeal, Cynthia and Kidd, Cory D and Thomaz, Andrea Lockerd and Hoffman, Guy and Berlin, Matt},
  booktitle={2005 IEEE/RSJ international conference on intelligent robots and systems},
  pages={708--713},
  year={2005},
  organization={IEEE}
}

@inproceedings{liang2019chi,
  title={Implicit communication of actionable information in human-ai teams},
  author={Liang, Claire and Proft, Julia and Andersen, Erik and Knepper, Ross A},
  booktitle={Proceedings of the 2019 CHI Conference on Human Factors in Computing Systems},
  pages={1--13},
  year={2019}
}

@article{melo2019aim,
  title={Project INSIDE: towards autonomous semi-unstructured human--robot social interaction in autism therapy},
  author={Melo, Francisco S and Sardinha, Alberto and Belo, David and Couto, Marta and Faria, Miguel and Farias, Anabela and Gamb{\^o}a, Hugo and Jesus, C{\'a}tia and Kinarullathil, Mithun and Lima, Pedro and others},
  journal={Artificial intelligence in medicine},
  volume={96},
  pages={198--216},
  year={2019},
  publisher={Elsevier}
}

@inproceedings{kaplan2016icra,
  title={Toward human-robot collaboration in surgery: performance assessment of human and robotic agents in an inclusion segmentation task},
  author={Kaplan, Kirsten E and Nichols, Kirk A and Okamura, Allison M},
  booktitle={2016 IEEE International Conference on Robotics and Automation (ICRA)},
  pages={723--729},
  year={2016},
  organization={IEEE}
}

@article{huijnen2016jadd,
  title={Mapping robots to therapy and educational objectives for children with autism spectrum disorder},
  author={Huijnen, Claire AGJ and Lexis, Monique AS and Jansens, Rianne and de Witte, Luc P},
  journal={Journal of autism and developmental disorders},
  volume={46},
  number={6},
  pages={2100--2114},
  year={2016},
  publisher={Springer}
}

@inproceedings{chandra2016roman,
  title={Children's peer assessment and self-disclosure in the presence of an educational robot},
  author={Chandra, Shruti and Alves-Oliveira, Patr{\'\i}cia and Lemaignan, S{\'e}verin and Sequeira, Pedro and Paiva, Ana and Dillenbourg, Pierre},
  booktitle={2016 25th IEEE International Symposium on Robot and Human Interactive Communication (RO-MAN)},
  pages={539--544},
  year={2016},
  organization={IEEE}
}

@inproceedings{yadollahi2018cidc,
  title={When deictic gestures in a robot can harm child-robot collaboration},
  author={Yadollahi, Elmira and Johal, Wafa and Paiva, Ana and Dillenbourg, Pierre},
  booktitle={Proceedings of the 17th ACM Conference on Interaction Design and Children},
  pages={195--206},
  year={2018}
}

@inproceedings{correia2017social,
  title={A social robot as a card game player},
  author={Correia, Filipa and Alves-Oliveira, Patr{\'\i}cia and Ribeiro, Tiago and Melo, Francisco S and Paiva, Ana},
  booktitle={Thirteenth Artificial Intelligence and Interactive Digital Entertainment Conference},
  year={2017}
}

@inproceedings{faria2016roman,
  title={Follow me: Communicating intentions with a spherical robot},
  author={Faria, Miguel and Costigliola, Andrea and Alves-Oliveira, Patr{\'\i}cia and Paiva, Ana},
  booktitle={2016 25th IEEE International Symposium on Robot and Human Interactive Communication (RO-MAN)},
  pages={664--669},
  year={2016},
  organization={IEEE}
}

@inproceedings{baraka2016expressive,
  title={Expressive lights for revealing mobile service robot state},
  author={Baraka, Kim and Paiva, Ana and Veloso, Manuela},
  booktitle={Robot 2015: Second Iberian Robotics Conference},
  pages={107--119},
  year={2016},
  organization={Springer}
}

@article{ekman1969repertoire,
  title={The repertoire of nonverbal behavior: Categories, origins, usage, and coding},
  author={Ekman, Paul and Friesen, Wallace V},
  journal={semiotica},
  volume={1},
  number={1},
  pages={49--98},
  year={1969},
  publisher={De Gruyter Mouton}
}

@article{saunderson2019ijsr,
  title={How robots influence humans: A survey of nonverbal communication in social human--robot interaction},
  author={Saunderson, Shane and Nejat, Goldie},
  journal={International Journal of Social Robotics},
  volume={11},
  number={4},
  pages={575--608},
  year={2019},
  publisher={Springer}
}

@inproceedings{dragan2015hri,
  title={Effects of robot motion on human-robot collaboration},
  author={Dragan, Anca D and Bauman, Shira and Forlizzi, Jodi and Srinivasa, Siddhartha S},
  booktitle={2015 10th ACM/IEEE International Conference on Human-Robot Interaction (HRI)},
  pages={51--58},
  year={2015},
  organization={IEEE}
}

@inproceedings{faria2017iros,
  title={“Me and you together” movement impact in multi-user collaboration tasks},
  author={Faria, Miguel and Silva, Rui and Alves-Oliveira, Patr{\'\i}cia and Melo, Francisco S and Paiva, Ana},
  booktitle={2017 IEEE/RSJ International Conference on Intelligent Robots and Systems (IROS)},
  pages={2793--2798},
  year={2017},
  organization={IEEE}
}

@article{che2020tr,
  title={Efficient and Trustworthy Social Navigation via Explicit and Implicit Robot--Human Communication},
  author={Che, Yuhang and Okamura, Allison M and Sadigh, Dorsa},
  journal={IEEE Transactions on Robotics},
  year={2020},
  publisher={IEEE}
}

@inproceedings{dragan2013hri,
  title={Legibility and predictability of robot motion},
  author={Dragan, Anca D and Lee, Kenton CT and Srinivasa, Siddhartha S},
  booktitle={2013 8th ACM/IEEE International Conference on Human-Robot Interaction (HRI)},
  pages={301--308},
  year={2013},
  organization={IEEE}
}

@article{dragan2013generating,
  title={Generating legible motion},
  author={Dragan, Anca and Srinivasa, Siddhartha},
  year={2013},
  publisher={Carnegie Mellon University}
}

@article{busch2017ijsr,
  title={Learning legible motion from human--robot interactions},
  author={Busch, Baptiste and Grizou, Jonathan and Lopes, Manuel and Stulp, Freek},
  journal={International Journal of Social Robotics},
  volume={9},
  number={5},
  pages={765--779},
  year={2017},
  publisher={Springer}
}

@inproceedings{kwon2018hri,
  title={Expressing robot incapability},
  author={Kwon, Minae and Huang, Sandy H and Dragan, Anca D},
  booktitle={Proceedings of the 2018 ACM/IEEE International Conference on Human-Robot Interaction},
  pages={87--95},
  year={2018}
}

@inproceedings{nikolaidis2016hri,
  title={Viewpoint-Based Legibility Optimization},
  author={Nikolaidis, Stefanos and Dragan, Anca and Srinivasa, Siddhartha},
  booktitle={2016 11th ACM/IEEE International Conference on Human-Robot Interaction (HRI)},
  pages={271--278},
  year={2016},
  organization={IEEE}
}

@article{csibra2007ap,
  title={‘Obsessed with goals’: Functions and mechanisms of teleological interpretation of actions in humans},
  author={Csibra, Gergely and Gergely, Gy{\"o}rgy},
  journal={Acta psychologica},
  volume={124},
  number={1},
  pages={60--78},
  year={2007},
  publisher={Elsevier}
}

@article{woodward1998infants,
  title={Infants selectively encode the goal object of an actor's reach},
  author={Woodward, Amanda L},
  journal={Cognition},
  volume={69},
  number={1},
  pages={1--34},
  year={1998},
  publisher={Elsevier}
}

@article{gielniak2013ijrr,
  title={Generating human-like motion for robots},
  author={Gielniak, Michael J and Liu, C Karen and Thomaz, Andrea L},
  journal={The International Journal of Robotics Research},
  volume={32},
  number={11},
  pages={1275--1301},
  year={2013},
  publisher={SAGE Publications Sage UK: London, England}
}

@inproceedings{takayama2011hri,
  title={Expressing thought: improving robot readability with animation principles},
  author={Takayama, Leila and Dooley, Doug and Ju, Wendy},
  booktitle={Proceedings of the 6th international conference on Human-robot interaction},
  pages={69--76},
  year={2011}
}